<?xml version="1.0" encoding="UTF-8"?><record xmlns="http://www.loc.gov/MARC21/slim" xmlns:cinclude="http://apache.org/cocoon/include/1.0" xmlns:zs="http://www.loc.gov/zing/srw/">
  <leader>00770nz  a2200181n  4500</leader>
  <controlfield tag="001">no2003089381</controlfield>
  <controlfield tag="003">DLC</controlfield>
  <controlfield tag="005">20030906071102.0</controlfield>
  <controlfield tag="008">030905n| acannaabn          |a aaa     c</controlfield>
  <datafield tag="010" ind1=" " ind2=" ">
    <subfield code="a">no2003089381</subfield>
  </datafield>
  <datafield tag="035" ind1=" " ind2=" ">
    <subfield code="a">(OCoLC)oca06145427</subfield>
  </datafield>
  <datafield tag="040" ind1=" " ind2=" ">
    <subfield code="a">InU-Mu</subfield>
    <subfield code="b">eng</subfield>
    <subfield code="c">InU-Mu</subfield>
  </datafield>
  <datafield tag="100" ind1="1" ind2=" ">
    <subfield code="a">Krol, Bernhard.</subfield>
    <subfield code="t">Herzlich tut mich verlangen</subfield>
  </datafield>
  <datafield tag="400" ind1="1" ind2=" ">
    <subfield code="a">Krol, Bernhard.</subfield>
    <subfield code="t">Herzlich thut mich verlangen</subfield>
  </datafield>
  <datafield tag="400" ind1="1" ind2=" ">
    <subfield code="a">Krol, Bernhard.</subfield>
    <subfield code="t">Partita,</subfield>
    <subfield code="m">organ,</subfield>
    <subfield code="n">op. 98</subfield>
  </datafield>
  <datafield tag="400" ind1="1" ind2=" ">
    <subfield code="a">Krol, Bernhard.</subfield>
    <subfield code="t">Partita vom seligen Sterben</subfield>
  </datafield>
  <datafield tag="670" ind1=" " ind2=" ">
    <subfield code="a">Krol, B. Herzlich tut mich verlangen, c1986:</subfield>
    <subfield code="b">t.p. (Herzlich tut mich verlangen : Partita vom seligen Sterben, Opus 98 : fuĚr Orgel)</subfield>
  </datafield>
  <datafield tag="670" ind1=" " ind2=" ">
    <subfield code="a">Henderson, J. Directory of composers for organ, 2nd ed.</subfield>
    <subfield code="b">(Herzlich thut mich verlangen : (partita) op. 98, 1986)</subfield>
  </datafield>
</record>